@online{biblatex,
	title = "Biblatex",
	url = "https://www.overleaf.com/learn/latex/Bibliography_management_in_LaTeX"
}

@online{bibtex,
	title = "BibTex",
	url = "https://www.overleaf.com/learn/latex/Bibliography_management_with_bibtex"
}

@online{natbib,
	title = "Natbib",
	url = "https://www.overleaf.com/learn/latex/Bibliography_management_with_natbib"
}